@Book{xie2015,
  title = {Dynamic Documents with {R} and knitr},
  author = {Yihui Xie},
  publisher = {Chapman and Hall/CRC},
  address = {Boca Raton, Florida},
  year = {2015},
  edition = {2nd},
  note = {ISBN 978-1498716963},
  url = {http://yihui.name/knitr/},
},
@Book{grolemund2014,
  title = {Hands-On Programming with R},
  author = {Garrett Grolemund},
  publisher = {Oâ€™Reilly},
  year = {2014},
  note = {ISBN  978-1449359010},
  url = {https://rstudio-education.github.io/hopr/}},
@Book{wickham2019,
  title = {Advance R},
  author = {Hadley Wickham},
  publisher = {Chapman and Hall/CRC},
  address = {Boca Raton, Florida},
  year = {2019},
  edition = {2nd},
  note = {ISBN  978-0815384571},
  url = {https://adv-r.hadley.nz/}
},
